@article{Max,
  author = {Max},
  journal = {Phsyics},
  number = {1},
  title = {Best Physics},
  year = {2000}
}